<collection xmlns="http://www.loc.gov/MARC21/slim">
<record>
  <leader>00797nz  a2200181n  4500</leader>
  <controlfield tag="001">11257007</controlfield>
  <controlfield tag="003">DLC</controlfield>
  <controlfield tag="005">20200101073010.0</controlfield>
  <controlfield tag="008">191231n| azannaabn          |n aaa     c</controlfield>
  <datafield tag="010" ind1=" " ind2=" ">
    <subfield code="a">no2019191614</subfield>
  </datafield>
  <datafield tag="035" ind1=" " ind2=" ">
    <subfield code="a">(OCoLC)oca12666025</subfield>
  </datafield>
  <datafield tag="040" ind1=" " ind2=" ">
    <subfield code="a">WaBeW</subfield>
    <subfield code="b">eng</subfield>
    <subfield code="e">rda</subfield>
    <subfield code="c">WaBeW</subfield>
  </datafield>
  <datafield tag="100" ind1="1" ind2=" ">
    <subfield code="a">Ladino, Cassandra C.</subfield>
  </datafield>
  <datafield tag="370" ind1=" " ind2=" ">
    <subfield code="f">Reston (Va.)</subfield>
    <subfield code="2">naf</subfield>
  </datafield>
  <datafield tag="372" ind1=" " ind2=" ">
    <subfield code="a">Information technology--Management</subfield>
    <subfield code="2">lcsh</subfield>
  </datafield>
  <datafield tag="373" ind1=" " ind2=" ">
    <subfield code="a">Geological Survey (U.S.)</subfield>
    <subfield code="2">naf</subfield>
  </datafield>
  <datafield tag="670" ind1=" " ind2=" ">
    <subfield code="a">The United States Geological Survey science data lifecycle model, 2013:</subfield>
    <subfield code="b">title page (Cassandra C. Ladino)</subfield>
  </datafield>
  <datafield tag="670" ind1=" " ind2=" ">
    <subfield code="a">USGS.gov, December 31, 2019:</subfield>
    <subfield code="b">Cassandra Ladino (IT applications manager; works in the Office of Enterprise Information within the United States Geological Survey in Reston, Virginia)</subfield>
    <subfield code="u">https://www.usgs.gov/staff-profiles/cassandra-ladino</subfield>
  </datafield>
</record>