
<record>
  <leader>00787nz  a2200181n  4500</leader>
  <controlfield tag="001">11257008</controlfield>
  <controlfield tag="003">DLC</controlfield>
  <controlfield tag="005">20200101073010.0</controlfield>
  <controlfield tag="008">191231n| azannaabn          |n ana     c</controlfield>
  <datafield tag="010" ind1=" " ind2=" ">
    <subfield code="a">no2019191615</subfield>
  </datafield>
  <datafield tag="035" ind1=" " ind2=" ">
    <subfield code="a">(OCoLC)oca12666026</subfield>
  </datafield>
  <datafield tag="040" ind1=" " ind2=" ">
    <subfield code="a">ICrlF</subfield>
    <subfield code="b">eng</subfield>
    <subfield code="e">rda</subfield>
    <subfield code="c">ICrlF</subfield>
  </datafield>
  <datafield tag="046" ind1=" " ind2=" ">
    <subfield code="s">2001</subfield>
    <subfield code="t">2002</subfield>
    <subfield code="2">edtf</subfield>
  </datafield>
  <datafield tag="130" ind1=" " ind2="0">
    <subfield code="a">Jacques Pépin celebrates (Television program)</subfield>
  </datafield>
  <datafield tag="377" ind1=" " ind2=" ">
    <subfield code="a">eng</subfield>
  </datafield>
  <datafield tag="380" ind1=" " ind2=" ">
    <subfield code="a">Television cooking shows</subfield>
    <subfield code="2">lcsh</subfield>
  </datafield>
  <datafield tag="670" ind1=" " ind2=" ">
    <subfield code="a">Jacques Pepin&apos;s graduation celebration [VR], 2005:</subfield>
    <subfield code="b">container (Jacques Pépin celebrates; program ©2001-2002, KQED)</subfield>
  </datafield>
  <datafield tag="670" ind1=" " ind2=" ">
    <subfield code="a">KQED website, Dec. 31, 2019:</subfield>
    <subfield code="b">(Jacques Pépin Celebrates! consists of 20 half-hour episodes of dinner party menus and technique-based programs (episodes 101-120), as well as six one-hour holiday specials (episodes 201-206))</subfield>
  </datafield>
</record>