
<record>
  <leader>00742nz  a2200193n  4500</leader>
  <controlfield tag="001">11257012</controlfield>
  <controlfield tag="003">DLC</controlfield>
  <controlfield tag="005">20200101073010.0</controlfield>
  <controlfield tag="008">191231n| azannaabn          |a ana     c</controlfield>
  <datafield tag="010" ind1=" " ind2=" ">
    <subfield code="a">no2019191619</subfield>
  </datafield>
  <datafield tag="035" ind1=" " ind2=" ">
    <subfield code="a">(OCoLC)oca12666030</subfield>
  </datafield>
  <datafield tag="040" ind1=" " ind2=" ">
    <subfield code="a">WaU</subfield>
    <subfield code="b">eng</subfield>
    <subfield code="e">rda</subfield>
    <subfield code="c">WaU</subfield>
  </datafield>
  <datafield tag="110" ind1="2" ind2=" ">
    <subfield code="a">Colitis &amp; Crohn&apos;s Foundation (India)</subfield>
  </datafield>
  <datafield tag="370" ind1=" " ind2=" ">
    <subfield code="c">India</subfield>
    <subfield code="e">Punjab (India)</subfield>
    <subfield code="2">naf</subfield>
  </datafield>
  <datafield tag="410" ind1="2" ind2=" ">
    <subfield code="a">Colitis Crohn&apos;s Foundation (India)</subfield>
  </datafield>
  <datafield tag="410" ind1="2" ind2=" ">
    <subfield code="a">CCF, India</subfield>
  </datafield>
  <datafield tag="410" ind1="2" ind2=" ">
    <subfield code="a">CCF (Colitis &amp; Crohn&apos;s Foundation)</subfield>
  </datafield>
  <datafield tag="670" ind1=" " ind2=" ">
    <subfield code="a">Instestinal research website, December 31, 2019:</subfield>
    <subfield code="b">journal home page (Colitis Crohn&apos;s Foundation (India); CCF, India)</subfield>
  </datafield>
  <datafield tag="670" ind1=" " ind2=" ">
    <subfield code="a">Its website, December 31, 2019:</subfield>
    <subfield code="b">home page (Colitis &amp; Crohn&apos;s Foundation (India); CCF; Punjab, India)</subfield>
    <subfield code="u">https://ccfindia.org</subfield>
  </datafield>
</record>