
<record>
  <leader>00693nz  a2200241n  4500</leader>
  <controlfield tag="001">11257013</controlfield>
  <controlfield tag="003">DLC</controlfield>
  <controlfield tag="005">20200101073010.0</controlfield>
  <controlfield tag="008">191231n| azabbaaan          |a aaa     c</controlfield>
  <datafield tag="010" ind1=" " ind2=" ">
    <subfield code="a">no2019191621</subfield>
  </datafield>
  <datafield tag="035" ind1=" " ind2=" ">
    <subfield code="a">(OCoLC)oca12666032</subfield>
  </datafield>
  <datafield tag="040" ind1=" " ind2=" ">
    <subfield code="a">ICrlF</subfield>
    <subfield code="b">eng</subfield>
    <subfield code="e">rda</subfield>
    <subfield code="c">ICrlF</subfield>
  </datafield>
  <datafield tag="046" ind1=" " ind2=" ">
    <subfield code="k">2020</subfield>
    <subfield code="2">edtf</subfield>
  </datafield>
  <datafield tag="100" ind1="1" ind2=" ">
    <subfield code="a">Lowe, Lindsey.</subfield>
    <subfield code="t">Outdoor science lab</subfield>
  </datafield>
  <datafield tag="370" ind1=" " ind2=" ">
    <subfield code="g">New York (N.Y.)</subfield>
    <subfield code="2">naf</subfield>
  </datafield>
  <datafield tag="373" ind1=" " ind2=" ">
    <subfield code="a">PowerKids Press</subfield>
    <subfield code="2">naf</subfield>
  </datafield>
  <datafield tag="380" ind1=" " ind2=" ">
    <subfield code="a">Series (Publications)</subfield>
    <subfield code="2">lcsh</subfield>
  </datafield>
  <datafield tag="430" ind1=" " ind2="0">
    <subfield code="a">Outdoor science lab</subfield>
  </datafield>
  <datafield tag="643" ind1=" " ind2=" ">
    <subfield code="a">New York</subfield>
    <subfield code="b">PowerKids Press</subfield>
  </datafield>
  <datafield tag="644" ind1=" " ind2=" ">
    <subfield code="a">f</subfield>
    <subfield code="5">ICrlF</subfield>
  </datafield>
  <datafield tag="645" ind1=" " ind2=" ">
    <subfield code="a">t</subfield>
    <subfield code="5">DPCC</subfield>
    <subfield code="5">ICrlF</subfield>
  </datafield>
  <datafield tag="646" ind1=" " ind2=" ">
    <subfield code="a">s</subfield>
    <subfield code="5">ICrlF</subfield>
  </datafield>
  <datafield tag="670" ind1=" " ind2=" ">
    <subfield code="a">Lowe, Lindsey. Life in the soil, 2020:</subfield>
    <subfield code="b">title page (Outdoor science lab)</subfield>
  </datafield>
</record>