
<record>
  <leader>00471nz  a2200145n  4500</leader>
  <controlfield tag="001">11257014</controlfield>
  <controlfield tag="003">DLC</controlfield>
  <controlfield tag="005">20200101073010.0</controlfield>
  <controlfield tag="008">191231n| azannaabn          |n ana     c</controlfield>
  <datafield tag="010" ind1=" " ind2=" ">
    <subfield code="a">no2019191622</subfield>
  </datafield>
  <datafield tag="035" ind1=" " ind2=" ">
    <subfield code="a">(OCoLC)oca12666033</subfield>
  </datafield>
  <datafield tag="040" ind1=" " ind2=" ">
    <subfield code="a">ICrlF</subfield>
    <subfield code="b">eng</subfield>
    <subfield code="e">rda</subfield>
    <subfield code="c">ICrlF</subfield>
  </datafield>
  <datafield tag="130" ind1=" " ind2="0">
    <subfield code="a">Walt Whitman (Perlman, Folsom, Campion)</subfield>
  </datafield>
  <datafield tag="381" ind1=" " ind2=" ">
    <subfield code="a">Perlman</subfield>
    <subfield code="a">Folsom</subfield>
    <subfield code="a">Campion</subfield>
  </datafield>
  <datafield tag="670" ind1=" " ind2=" ">
    <subfield code="a">Walt Whitman, 2019:</subfield>
    <subfield code="b">title page (edited by Jim Perlman, Ed Folsom, &amp; Dan Campion ; introduction by Ed Folsom)</subfield>
  </datafield>
</record>