
<record>
  <leader>01048nz  a2200217n  4500</leader>
  <controlfield tag="001">11257017</controlfield>
  <controlfield tag="003">DLC</controlfield>
  <controlfield tag="005">20200101073011.0</controlfield>
  <controlfield tag="008">191231n| azannaabn          |b ana     c</controlfield>
  <datafield tag="010" ind1=" " ind2=" ">
    <subfield code="a">no2019191625</subfield>
  </datafield>
  <datafield tag="035" ind1=" " ind2=" ">
    <subfield code="a">(OCoLC)oca12666036</subfield>
  </datafield>
  <datafield tag="040" ind1=" " ind2=" ">
    <subfield code="a">WaU</subfield>
    <subfield code="b">eng</subfield>
    <subfield code="e">rda</subfield>
    <subfield code="c">WaU</subfield>
  </datafield>
  <datafield tag="110" ind1="2" ind2=" ">
    <subfield code="a">Taehan Chang Yŏn&apos;gu Hakhoe</subfield>
  </datafield>
  <datafield tag="410" ind1="2" ind2=" ">
    <subfield code="a">Korean Association for the Study of Intestinal Diseases</subfield>
  </datafield>
  <datafield tag="410" ind1="2" ind2=" ">
    <subfield code="a">KASID</subfield>
  </datafield>
  <datafield tag="410" ind1="2" ind2=" ">
    <subfield code="a">Daehan Jang Yeongu Hakho</subfield>
  </datafield>
  <datafield tag="410" ind1="2" ind2=" ">
    <subfield code="a">대한장연구학회</subfield>
  </datafield>
  <datafield tag="667" ind1=" " ind2=" ">
    <subfield code="a">Non-Latin script reference not evaluated.</subfield>
  </datafield>
  <datafield tag="670" ind1=" " ind2=" ">
    <subfield code="a">Instestinal research website, December 31, 2019:</subfield>
    <subfield code="b">journal home page (Korean Association for the Study of Intestinal Diseases; KASID)</subfield>
  </datafield>
  <datafield tag="670" ind1=" " ind2=" ">
    <subfield code="a">Its website, December 31, 2019:</subfield>
    <subfield code="b">home page (대한장연구학회 = Taehan Chang Yŏn&apos;gu Hakhoe; Korean Association for the Study of Intestinal Diseases; KASID)</subfield>
  </datafield>
  <datafield tag="670" ind1=" " ind2=" ">
    <subfield code="a">National Library of Korea in VIAF, December 31, 2019: heading (대한장연구학회) references (Korean Association for the Study of Intestinal Diseases‏; Daehan Jang Yeongu Hakhoe)</subfield>
  </datafield>
</record>