
<record>
  <leader>01042nz  a2200217n  4500</leader>
  <controlfield tag="001">11257018</controlfield>
  <controlfield tag="003">DLC</controlfield>
  <controlfield tag="005">20200101073011.0</controlfield>
  <controlfield tag="008">191231n| azannaabn          |a aaa     c</controlfield>
  <datafield tag="010" ind1=" " ind2=" ">
    <subfield code="a">no2019191631</subfield>
  </datafield>
  <datafield tag="035" ind1=" " ind2=" ">
    <subfield code="a">(OCoLC)oca12666042</subfield>
  </datafield>
  <datafield tag="040" ind1=" " ind2=" ">
    <subfield code="a">MnU</subfield>
    <subfield code="b">eng</subfield>
    <subfield code="e">rda</subfield>
    <subfield code="c">MnU</subfield>
  </datafield>
  <datafield tag="046" ind1=" " ind2=" ">
    <subfield code="f">1990</subfield>
    <subfield code="2">edtf</subfield>
  </datafield>
  <datafield tag="100" ind1="1" ind2=" ">
    <subfield code="a">Wiese Christensen, Anders Eiler,</subfield>
    <subfield code="d">1990-</subfield>
  </datafield>
  <datafield tag="370" ind1=" " ind2=" ">
    <subfield code="c">Denmark</subfield>
    <subfield code="2">naf</subfield>
  </datafield>
  <datafield tag="373" ind1=" " ind2=" ">
    <subfield code="a">Rockwool fondens forskningsenhed</subfield>
    <subfield code="2">naf</subfield>
  </datafield>
  <datafield tag="377" ind1=" " ind2=" ">
    <subfield code="a">dan</subfield>
  </datafield>
  <datafield tag="400" ind1="1" ind2=" ">
    <subfield code="a">Christensen, Anders Eiler Wiese,</subfield>
    <subfield code="d">1990-</subfield>
  </datafield>
  <datafield tag="670" ind1=" " ind2=" ">
    <subfield code="a">Bonke, Jens. Hvordan bruger danskerne tiden?, 2018:</subfield>
    <subfield code="b">title page (Anders Eiler Wiese Christensen)</subfield>
  </datafield>
  <datafield tag="670" ind1=" " ind2=" ">
    <subfield code="a">Anders Wiese Christensen profile on Gyldendal website, viewed December 31, 2019</subfield>
    <subfield code="b">(Anders Eiler Wiese Christensen, born 1990; research assistant at Rockwool Foundation&apos;s research unit)</subfield>
    <subfield code="u">https://www.gyldendal.dk/forfattere/anders-weise-christensen-f144246</subfield>
  </datafield>
  <datafield tag="670" ind1=" " ind2=" ">
    <subfield code="a">Danish Bibliographic Center in VIAF, December 31, 2019</subfield>
    <subfield code="b">(authorized access point: Wiese Christensen, Anders Eiler)</subfield>
    <subfield code="u">http://viaf.org/viaf/5148389334810711820</subfield>
  </datafield>
</record>