
<record>
  <leader>00886nz  a2200181n  4500</leader>
  <controlfield tag="001">11257019</controlfield>
  <controlfield tag="003">DLC</controlfield>
  <controlfield tag="005">20200101073011.0</controlfield>
  <controlfield tag="008">191231n| azannaabn          |n aaa     c</controlfield>
  <datafield tag="010" ind1=" " ind2=" ">
    <subfield code="a">no2019191632</subfield>
  </datafield>
  <datafield tag="035" ind1=" " ind2=" ">
    <subfield code="a">(OCoLC)oca12666043</subfield>
  </datafield>
  <datafield tag="040" ind1=" " ind2=" ">
    <subfield code="a">MdRoLAC</subfield>
    <subfield code="b">eng</subfield>
    <subfield code="e">rda</subfield>
    <subfield code="c">MdRoLAC</subfield>
  </datafield>
  <datafield tag="100" ind1="1" ind2=" ">
    <subfield code="a">Yang, Qiang</subfield>
    <subfield code="c">(Chemist)</subfield>
  </datafield>
  <datafield tag="370" ind1=" " ind2=" ">
    <subfield code="f">Indianapolis (Ind.)</subfield>
    <subfield code="2">naf</subfield>
  </datafield>
  <datafield tag="372" ind1=" " ind2=" ">
    <subfield code="a">Chemistry</subfield>
    <subfield code="a">Agriculture</subfield>
    <subfield code="2">lcsh</subfield>
  </datafield>
  <datafield tag="373" ind1=" " ind2=" ">
    <subfield code="a">Corteva Agriscience</subfield>
  </datafield>
  <datafield tag="375" ind1=" " ind2=" ">
    <subfield code="a">Males</subfield>
    <subfield code="2">lcdgt</subfield>
  </datafield>
  <datafield tag="670" ind1=" " ind2=" ">
    <subfield code="a">Innovations for safe and sustainable crop protection products, 2019:</subfield>
    <subfield code="b">eCIP title page (Kari Lynn, editor ; Mingming Ma, editor ; Qiang Yang, editor ; Qi Yao, editor) page 70 galley (Qiang Yang is currently a Process Chemistry Team Leader in the Crop Protection Product Design &amp; Process R&amp;D at Corteva Agriscience in Indianapolis, Indiana, where he is designing and developing processes and leading process chemistry efforts...)</subfield>
  </datafield>
</record>