
<record>
  <leader>00520nz  a2200145n  4500</leader>
  <controlfield tag="001">11257027</controlfield>
  <controlfield tag="003">DLC</controlfield>
  <controlfield tag="005">20200101073011.0</controlfield>
  <controlfield tag="008">191231n| azannaabn          |a aaa     c</controlfield>
  <datafield tag="010" ind1=" " ind2=" ">
    <subfield code="a">no2019191655</subfield>
  </datafield>
  <datafield tag="035" ind1=" " ind2=" ">
    <subfield code="a">(OCoLC)oca12666066</subfield>
  </datafield>
  <datafield tag="040" ind1=" " ind2=" ">
    <subfield code="a">ICU</subfield>
    <subfield code="b">eng</subfield>
    <subfield code="e">rda</subfield>
    <subfield code="c">ICU</subfield>
  </datafield>
  <datafield tag="100" ind1="1" ind2=" ">
    <subfield code="a">Hebbel, Friedrich,</subfield>
    <subfield code="d">1813-1863.</subfield>
    <subfield code="t">Diaries.</subfield>
    <subfield code="k">Selections.</subfield>
    <subfield code="l">Polish</subfield>
    <subfield code="s">(Irzykowski)</subfield>
  </datafield>
  <datafield tag="400" ind1="1" ind2=" ">
    <subfield code="a">Hebbel, Friedrich,</subfield>
    <subfield code="d">1813-1863.</subfield>
    <subfield code="t">Dzienniki</subfield>
  </datafield>
  <datafield tag="670" ind1=" " ind2=" ">
    <subfield code="a">Hebbel, Friedrich. Dzienniki, 1958:</subfield>
    <subfield code="b">title page (Dzienniki; wyboru dokonał i przełożył Karol Irzykowski)</subfield>
  </datafield>
</record>