
<record>
  <leader>00513nz  a2200145n  4500</leader>
  <controlfield tag="001">11257030</controlfield>
  <controlfield tag="003">DLC</controlfield>
  <controlfield tag="005">20200101073011.0</controlfield>
  <controlfield tag="008">191231n| azannaabn          |a ana     c</controlfield>
  <datafield tag="010" ind1=" " ind2=" ">
    <subfield code="a">no2019191663</subfield>
  </datafield>
  <datafield tag="035" ind1=" " ind2=" ">
    <subfield code="a">(OCoLC)oca12666074</subfield>
  </datafield>
  <datafield tag="040" ind1=" " ind2=" ">
    <subfield code="a">ICU</subfield>
    <subfield code="b">eng</subfield>
    <subfield code="e">rda</subfield>
    <subfield code="c">ICU</subfield>
  </datafield>
  <datafield tag="130" ind1=" " ind2="0">
    <subfield code="a">Antichrist-Bildertext.</subfield>
    <subfield code="l">Russian</subfield>
  </datafield>
  <datafield tag="430" ind1=" " ind2="0">
    <subfield code="a">Skazanie ob antikhriste</subfield>
  </datafield>
  <datafield tag="670" ind1=" " ind2=" ">
    <subfield code="a">Russkiĭ perevod nemet︠s︡kogo &quot;Skazanii︠a︡ ob antikhriste&quot;, 2018:</subfield>
    <subfield code="b">title page (...Skazanii︠a︡ ob antikhriste) added title page (Antichrist-Bildertexts)</subfield>
  </datafield>
</record>