
<record>
  <leader>00650nz  a2200157n  4500</leader>
  <controlfield tag="001">11257034</controlfield>
  <controlfield tag="003">DLC</controlfield>
  <controlfield tag="005">20200101073011.0</controlfield>
  <controlfield tag="008">191231n| azannaabn          |a aaa     c</controlfield>
  <datafield tag="010" ind1=" " ind2=" ">
    <subfield code="a">no2019191681</subfield>
  </datafield>
  <datafield tag="035" ind1=" " ind2=" ">
    <subfield code="a">(OCoLC)oca12666092</subfield>
  </datafield>
  <datafield tag="040" ind1=" " ind2=" ">
    <subfield code="a">MdRoLAC</subfield>
    <subfield code="b">eng</subfield>
    <subfield code="e">rda</subfield>
    <subfield code="c">MdRoLAC</subfield>
  </datafield>
  <datafield tag="100" ind1="1" ind2=" ">
    <subfield code="a">Patel, Kiran Klaus.</subfield>
    <subfield code="t">Projekt Europa.</subfield>
    <subfield code="l">English</subfield>
  </datafield>
  <datafield tag="377" ind1=" " ind2=" ">
    <subfield code="a">ger</subfield>
    <subfield code="a">eng</subfield>
  </datafield>
  <datafield tag="400" ind1="1" ind2=" ">
    <subfield code="a">Patel, Kiran Klaus.</subfield>
    <subfield code="t">Project Europe</subfield>
  </datafield>
  <datafield tag="670" ind1=" " ind2=" ">
    <subfield code="a">Project Europe, 2020:</subfield>
    <subfield code="b">eCIP title page (Kiran Klaus Patel ; translated by Meredith Dale) note (Originally published in 2018 by C.H.Beck as Projekt Europa: Eine Kritische Geschichte, written in German by Kiran Klaus Patel (ISBN 9783406727689))</subfield>
  </datafield>
</record>