
<record>
  <leader>01025nz  a2200193n  4500</leader>
  <controlfield tag="001">11257040</controlfield>
  <controlfield tag="003">DLC</controlfield>
  <controlfield tag="005">20200101073011.0</controlfield>
  <controlfield tag="008">191231n| azannaabn          |a ana     c</controlfield>
  <datafield tag="010" ind1=" " ind2=" ">
    <subfield code="a">no2019191701</subfield>
  </datafield>
  <datafield tag="035" ind1=" " ind2=" ">
    <subfield code="a">(OCoLC)oca12666112</subfield>
  </datafield>
  <datafield tag="040" ind1=" " ind2=" ">
    <subfield code="a">ABAU</subfield>
    <subfield code="b">eng</subfield>
    <subfield code="e">rda</subfield>
    <subfield code="c">ABAU</subfield>
  </datafield>
  <datafield tag="110" ind1="2" ind2=" ">
    <subfield code="a">Universidad de Granada.</subfield>
    <subfield code="b">Departamento de Pintura</subfield>
  </datafield>
  <datafield tag="368" ind1=" " ind2=" ">
    <subfield code="a">Public universities and colleges--Departments</subfield>
    <subfield code="2">lcsh</subfield>
  </datafield>
  <datafield tag="370" ind1=" " ind2=" ">
    <subfield code="e">Granada (Spain)</subfield>
    <subfield code="2">naf</subfield>
  </datafield>
  <datafield tag="372" ind1=" " ind2=" ">
    <subfield code="a">Painting--Study and teaching (Higher)</subfield>
    <subfield code="2">lcsh</subfield>
  </datafield>
  <datafield tag="510" ind1="2" ind2=" ">
    <subfield code="w">r</subfield>
    <subfield code="i">Hierarchical superior:</subfield>
    <subfield code="a">Universidad de Granada.</subfield>
    <subfield code="b">Facultad de Bellas Artes</subfield>
  </datafield>
  <datafield tag="670" ind1=" " ind2=" ">
    <subfield code="a">Departamento de Pintura - University of Granada WWW home page, Dec. 31, 2019 ( ... Sedes - Facultad de Bellas Artes, Avenida de Andalucía, no 27 P.C 18014 Granada 18014)</subfield>
    <subfield code="u">https://www.ugr.es/en/universidad/organizacion/entidades/departamento-de-pintura</subfield>
  </datafield>
  <datafield tag="670" ind1=" " ind2=" ">
    <subfield code="a">Universidad de Granada, Facultad de Bellas Artes WWW home page, Dec. 31, 2019</subfield>
    <subfield code="b">directorio/departamentos/Departamento de Pintura</subfield>
    <subfield code="u">http://bellasartes.ugr.es/pages/facultad/</subfield>
  </datafield>
</record>