
<record>
  <leader>00634nz  a2200157n  4500</leader>
  <controlfield tag="001">11257041</controlfield>
  <controlfield tag="003">DLC</controlfield>
  <controlfield tag="005">20200101073011.0</controlfield>
  <controlfield tag="008">191231n| azannaabn          |n ana     c</controlfield>
  <datafield tag="010" ind1=" " ind2=" ">
    <subfield code="a">no2019191711</subfield>
  </datafield>
  <datafield tag="035" ind1=" " ind2=" ">
    <subfield code="a">(OCoLC)oca12666122</subfield>
  </datafield>
  <datafield tag="040" ind1=" " ind2=" ">
    <subfield code="a">ICU</subfield>
    <subfield code="b">eng</subfield>
    <subfield code="e">rda</subfield>
    <subfield code="c">ICU</subfield>
  </datafield>
  <datafield tag="046" ind1=" " ind2=" ">
    <subfield code="k">15</subfield>
  </datafield>
  <datafield tag="130" ind1=" " ind2="0">
    <subfield code="a">Antichrist-Bildertext</subfield>
  </datafield>
  <datafield tag="377" ind1=" " ind2=" ">
    <subfield code="a">ger</subfield>
  </datafield>
  <datafield tag="670" ind1=" " ind2=" ">
    <subfield code="a">Russkiĭ perevod nemet︠s︡kogo &quot;Skazanii︠a︡ ob antikhriste&quot;, 2018:</subfield>
    <subfield code="b">title page (Antichrist-Bildertexts) page 15, etc. (Antichrist-Bildertext, compilation of religious works about Antichrist dated from XV century, mostly in manuscript form; first published as xylograph no later than 1472)</subfield>
  </datafield>
</record>