
<record>
  <leader>00672nz  a2200169n  4500</leader>
  <controlfield tag="001">11257042</controlfield>
  <controlfield tag="003">DLC</controlfield>
  <controlfield tag="005">20200101073011.0</controlfield>
  <controlfield tag="008">191231n| azannaabn          |a anc     c</controlfield>
  <datafield tag="010" ind1=" " ind2=" ">
    <subfield code="a">no2019191712</subfield>
  </datafield>
  <datafield tag="035" ind1=" " ind2=" ">
    <subfield code="a">(OCoLC)oca12666123</subfield>
  </datafield>
  <datafield tag="040" ind1=" " ind2=" ">
    <subfield code="a">WaU</subfield>
    <subfield code="b">eng</subfield>
    <subfield code="e">rda</subfield>
    <subfield code="c">WaU</subfield>
  </datafield>
  <datafield tag="110" ind1="2" ind2=" ">
    <subfield code="a">Chinese Society of IBD</subfield>
  </datafield>
  <datafield tag="410" ind1="2" ind2=" ">
    <subfield code="a">CSIBD</subfield>
  </datafield>
  <datafield tag="410" ind1="2" ind2=" ">
    <subfield code="a">Chinese Society of Inflammatory Bowel Disease</subfield>
  </datafield>
  <datafield tag="670" ind1=" " ind2=" ">
    <subfield code="a">Instestinal research website, December 31, 2019:</subfield>
    <subfield code="b">journal home page (Chinese Society of IBD; CSIBD)</subfield>
  </datafield>
  <datafield tag="670" ind1=" " ind2=" ">
    <subfield code="a">Asian Organization for Crohn&apos;s &amp; Colitis website, December 31, 2019:</subfield>
    <subfield code="b">links page (Chinese Society of Inflammatory Bowel Disease; CSIBD)</subfield>
    <subfield code="u">https://aocc-ibd.org/link/link.html</subfield>
  </datafield>
</record>