
<record>
  <leader>00808nz  a2200145n  4500</leader>
  <controlfield tag="001">11257043</controlfield>
  <controlfield tag="003">DLC</controlfield>
  <controlfield tag="005">20200101073011.0</controlfield>
  <controlfield tag="008">191231n| azannaabn          |a ana     c</controlfield>
  <datafield tag="010" ind1=" " ind2=" ">
    <subfield code="a">no2019191721</subfield>
  </datafield>
  <datafield tag="035" ind1=" " ind2=" ">
    <subfield code="a">(OCoLC)oca12666132</subfield>
  </datafield>
  <datafield tag="040" ind1=" " ind2=" ">
    <subfield code="a">ICU</subfield>
    <subfield code="b">eng</subfield>
    <subfield code="e">rda</subfield>
    <subfield code="c">ICU</subfield>
  </datafield>
  <datafield tag="130" ind1=" " ind2="0">
    <subfield code="a">Antichrist-Bildertext.</subfield>
    <subfield code="l">Church Slavic</subfield>
  </datafield>
  <datafield tag="430" ind1=" " ind2="0">
    <subfield code="a">I zdi︠e︡ zhe o anʹtikhriste nachinaet izii︠a︡to i vypisano izo mnogikh knig, kako i ot kogo rozhden imatʹ byti</subfield>
  </datafield>
  <datafield tag="670" ind1=" " ind2=" ">
    <subfield code="a">Russkiĭ perevod nemet︠s︡kogo &quot;Skazanii︠a︡ ob antikhriste&quot;, 2018:</subfield>
    <subfield code="b">page 156 (Church Slavic translation from the 2nd half of the 16th - beginning of the 17th century of the German manuscript &quot;Antichrist-Bildertext&quot;; incipit: &quot;I zdi︠e︡ zhe o anʹtikhriste nachinaet izii︠a︡to i vypisano izo mnogikh knig, kako i ot kogo rozhden imatʹ byti&quot;)</subfield>
  </datafield>
</record>