
<record>
  <leader>00605nz  a2200193n  4500</leader>
  <controlfield tag="001">11257044</controlfield>
  <controlfield tag="003">DLC</controlfield>
  <controlfield tag="005">20200101073011.0</controlfield>
  <controlfield tag="008">191231n| azannaabn          |n ana     c</controlfield>
  <datafield tag="010" ind1=" " ind2=" ">
    <subfield code="a">no2019191722</subfield>
  </datafield>
  <datafield tag="034" ind1=" " ind2=" ">
    <subfield code="d">W0021122</subfield>
    <subfield code="e">W0021122</subfield>
    <subfield code="f">N0423932</subfield>
    <subfield code="g">N0423932</subfield>
    <subfield code="2">geonames</subfield>
  </datafield>
  <datafield tag="035" ind1=" " ind2=" ">
    <subfield code="a">(OCoLC)oca12666133</subfield>
  </datafield>
  <datafield tag="040" ind1=" " ind2=" ">
    <subfield code="a">NvU</subfield>
    <subfield code="b">eng</subfield>
    <subfield code="e">rda</subfield>
    <subfield code="c">NvU</subfield>
  </datafield>
  <datafield tag="043" ind1=" " ind2=" ">
    <subfield code="a">e-sp---</subfield>
  </datafield>
  <datafield tag="151" ind1=" " ind2=" ">
    <subfield code="a">Ancín (Spain)</subfield>
  </datafield>
  <datafield tag="368" ind1=" " ind2=" ">
    <subfield code="b">Cities and towns</subfield>
    <subfield code="2">lcsh</subfield>
  </datafield>
  <datafield tag="370" ind1=" " ind2=" ">
    <subfield code="c">Spain</subfield>
    <subfield code="e">Navarre (Spain)</subfield>
    <subfield code="2">naf</subfield>
  </datafield>
  <datafield tag="670" ind1=" " ind2=" ">
    <subfield code="a">GeoNames, viewed 3 October 2019</subfield>
    <subfield code="b">(42° 39&apos; 32&quot; N, 002° 11&apos; 22&quot; W ; Ancín, Navarre, Spain, populated place)</subfield>
  </datafield>
  <datafield tag="781" ind1=" " ind2="0">
    <subfield code="z">Spain</subfield>
    <subfield code="z">Ancín</subfield>
  </datafield>
</record>